@inproceedings{lionesspaper,
  author    = {Ross J. Anderson and
               Eli Biham},
  editor    = {Dieter Gollmann},
  title     = {Two Practical and Provably Secure Block Ciphers: {BEARS} and {LION}},
  booktitle = {Fast Software Encryption, Third International Workshop, Cambridge,
               UK, February 21-23, 1996, Proceedings},
  series    = {Lecture Notes in Computer Science},
  volume    = {1039},
  pages     = {113--120},
  publisher = {Springer},
  year      = {1996},
  url       = {https://doi.org/10.1007/3-540-60865-6\_48},
  doi       = {10.1007/3-540-60865-6\_48},
  timestamp = {Tue, 14 May 2019 10:00:54 +0200},
  biburl    = {https://dblp.org/rec/conf/fse/AndersonB96a.bib},
  bibsource = {dblp computer science bibliography, https://dblp.org}
}